@article{ansuini2019intrinsic,
  title={Intrinsic dimension of data representations in deep neural networks},
  author={Ansuini, Alessandro and Laio, Alessandro and Wyse, J. H. and Testolin, Alberto and Paneni, Francesco},
  journal={Advances in Neural Information Processing Systems},
  volume={32},
  year={2019},
  pages={7791--7801}
}

@book{bishop2006pattern,
  title={Pattern recognition and machine learning},
  author={Bishop, Christopher M},
  year={2006},
  publisher={Springer}
}

@article{cerezo2018fractal,
  title={Fractal AI: A fragile theory of intelligence},
  author={Cerezo, Sergio H and Ballester, Guillermo D},
  journal={arXiv preprint arXiv:1803.05049},
  year={2018},
  archivePrefix={arXiv},
  eprint={1803.05049}
}

@article{ecker2023dendritic,
  title={Dendritic spikes and their influence on input-output transformations in L2/3 pyramidal neurons are location-dependent},
  author={Ecker, Alexander S and Kremer, Yoni and Amsalem, Oren and Poleg-Polsky, Alon and Mel, Bartlett W and Segev, Idan},
  journal={bioRxiv},
  year={2023},
  publisher={Cold Spring Harbor Laboratory},
  doi={10.1101/2023.05.06.539205}
}

@book{falconer2004fractal,
  title={Fractal geometry: mathematical foundations and applications},
  author={Falconer, Kenneth},
  year={2004},
  publisher={John Wiley \& Sons}
}

@article{gershenson2025self,
  title={Self-organizing systems: what, how, and why?},
  author={Gershenson, Carlos},
  journal={npj Complexity},
  volume={2},
  number={1},
  pages={10},
  year={2025},
  publisher={Nature Publishing Group},
  doi={10.1038/s44260-025-00031-5}
}

@article{grosu2023fractal,
  title={The fractal brain: scale-invariance in structure and dynamics},
  author={Grosu, Gabriel F and Hopp, Anna V and Moca, Vasile V and B{\^a}rzan, Huba and Ciuparu, Alin and Ercsey-Ravasz, M{\'a}ria and Winkel, Matthijs and Linde, Henrike and Mure{\c{s}}an, Raul C},
  journal={Cerebral Cortex},
  volume={33},
  number={8},
  pages={4574--4605},
  year={2023},
  publisher={Oxford University Press},
  doi={10.1093/cercor/bhac363}
}

@article{hasson2015hierarchical,
  title={Hierarchical process memory: memory as an integral component of information processing},
  author={Hasson, Uri and Chen, Janice and Honey, Christopher J},
  journal={Trends in cognitive sciences},
  volume={19},
  number={6},
  pages={304--313},
  year={2015},
  publisher={Elsevier},
  doi={10.1016/j.tics.2015.04.006}
}

@article{hochreiter1997flat,
  author    = {Sepp Hochreiter and J{\"u}rgen Schmidhuber},
  title     = {Flat Minima},
  journal   = {Neural Computation},
  volume    = {9},
  number    = {1},
  pages     = {1--42},
  year      = {1997},
  doi       = {10.1162/neco.1997.9.1.1}
}

@book{hutter2005universal,
  title={Universal artificial intelligence: Sequential decisions based on algorithmic probability},
  author={Hutter, Marcus},
  year={2005},
  publisher={Springer}
}

@article{jaynes1957information,
  title={Information theory and statistical mechanics},
  author={Jaynes, Edwin T},
  journal={Physical review},
  volume={106},
  number={4},
  pages={620},
  year={1957},
  publisher={APS}
}

@article{jelinek2015differences,
  title={Differences in fractal dimension and circularity of superficial and deep pyramidal neurons in adult rat cerebral cortex},
  author={Jelinek, Herbert F and El-Osta, Adel and Cornforth, David and Tar-Aldhaher, Mohammed},
  journal={Frontiers in neuroanatomy},
  volume={8},
  pages={155},
  year={2015},
  publisher={Frontiers},
  doi={10.3389/fnana.2014.00155}
}

@article{kaplan2020scaling,
  title={Scaling laws for neural language models},
  author={Kaplan, Jared and McCandlish, Sam and Henighan, Tom and Brown, Tom B and Chess, Benjamin and Child, Rewon and Gray, Scott and Radford, Alec and Wu, Jeffrey and Amodei, Dario},
  journal={arXiv preprint arXiv:2001.08361},
  year={2020},
  archivePrefix={arXiv},
  eprint={2001.08361}
}

@book{li2009kolmogorov,
  title={An introduction to Kolmogorov complexity and its applications},
  author={Li, Ming and Vit{\'a}nyi, Paul},
  year={2009},
  publisher={Springer}
}

@article{lymburn2024reservoir,
  title={Reservoir computing with the minimum description length principle: Sparsity, information, and order},
  author={Lymburn, Thomas and Lalescu, Cristian C and Zare, Atoosa},
  journal={Chaos: An Interdisciplinary Journal of Nonlinear Science},
  volume={34},
  number={4},
  year={2024},
  publisher={AIP Publishing},
  doi={10.1063/5.0189018}
}

@book{mandelbrot1983fractal,
  title={The fractal geometry of nature},
  author={Mandelbrot, Benoit B},
  year={1983},
  publisher={Times books}
}

@article{marks-tarlow2020fractal,
  title={A Fractal Epistemology for Transpersonal Psychology},
  author={Marks-Tarlow, Terry},
  journal={International Journal of Transpersonal Studies},
  volume={39},
  number={1-2},
  pages={55--71},
  year={2020},
  doi={10.24972/ijts.2020.39.1-2.55}
}

@inproceedings{moreira2024hyperbolic,
  title={Hyperbolic vs. Euclidean Embeddings in Few-Shot Learning: Two Sides of the Same Coin?},
  author={Moreira, Filipe and Silva, Pedro and Tabibu, Imad and De Vleeschouwer, Christophe and Martins, Andr{\'e}},
  booktitle={Proceedings of the IEEE/CVF Winter Conference on Applications of Computer Vision},
  pages={4793--4802},
  year={2024}
}

@inproceedings{nickel2017poincare,
  title={Poincar{\'e} embeddings for learning hierarchical representations},
  author={Nickel, Maximilian and Kiela, Douwe},
  booktitle={Advances in neural information processing systems},
  volume={30},
  year={2017}
}

@article{noci2024transformer,
  title={Transformer Block Coupling and its Correlation with Generalization in LLMs},
  author={Noci, Leonardo and Sommovigo, Tommaso and De Palma, Giacomo and Bach, Francis and Pontil, Lorenzo and Cesa-Bianchi, Nicol{\`o} and Orabona, Francesco},
  journal={arXiv preprint arXiv:2407.07810},
  year={2024},
  archivePrefix={arXiv},
  eprint={2407.07810}
}

@article{olah2020zoom,
  title={Zoom in: An introduction to circuits},
  author={Olah, Chris and Cammarata, Nick and Schubert, Ludwig and Goh, Gabriel and Petrov, Michael and Carter, Shan},
  journal={Distill},
  volume={5},
  number={3},
  pages={e00024--001},
  year={2020},
  doi={10.23915/distill.00024.001}
}

@article{schroeder2022reservoir,
  title={Reservoir computing with the minimum description length principle},
  author={Schroeder, Jacob M and Lalescu, Cristian},
  journal={Chaos: An Interdisciplinary Journal of Nonlinear Science},
  volume={32},
  number={10},
  pages={103117},
  year={2022},
  publisher={AIP Publishing},
  doi={10.1063/5.0101538}
}

@article{simmaco2025fractal,
  title={Fractal and regular geometry of deep neural networks},
  author={Simmaco, D. L. and Marinucci, D. and Salvi, M. and Vigogna, S.},
  journal={arXiv preprint arXiv:2504.06250},
  year={2025},
  month={apr},
  archivePrefix={arXiv},
  eprint={2504.06250}
}

@article{smith2021neurons,
  title={How neurons exploit fractal geometry to optimize their network connectivity},
  author={Smith, Julian H and Rowland, Conor and Harland, B. and Moslehi, S. and Montgomery, R. D. and Schobert, K. and Watterson, W. J. and Dalrymple-Alford, J. and Taylor, Richard P},
  journal={Scientific Reports},
  volume={11},
  number={1},
  pages={2332},
  year={2021},
  publisher={Nature Publishing Group},
  doi={10.1038/s41598-021-81421-2}
}

@article{stetter2012fractal,
  title={Recurrent fractal neural networks: a strategy for emergent heterogeneous architectures},
  author={Stetter, Oliver and Battaglia, Demian and Soriano, Jordi and Geisel, Theo},
  journal={PloS one},
  volume={7},
  number={3},
  pages={e33912},
  year={2012},
  publisher={Public Library of Science},
  doi={10.1371/journal.pone.0033912}
}

@article{torkamandi2025mapping,
  title={Mapping the Edge of Chaos: Fractal-Like Boundaries in The Trainability of Decoder-Only Transformer Models},
  author={Torkamandi, Bahman},
  journal={arXiv preprint arXiv:2501.04286},
  year={2025},
  archivePrefix={arXiv},
  eprint={2501.04286}
}
@article{fass2023estimating,
  title={Estimating fractal dimensions: A comparative review for the practitioner},
  author={Fass, Martino and D'Ercole, Michele and Nicolis, Orietta and Nichele, Stefano},
  journal={Chaos: An Interdisciplinary Journal of Nonlinear Science},
  volume={33},
  number={10},
  year={2023},
  publisher={AIP Publishing},
  doi={10.1063/5.0157989}
}

@article{ansuini2023intrinsic,
  title={Intrinsic-dimension-based correlation in deep representations},
  author={Ansuini, Alessandro and Caldeira, Ludovico and Davoli, Gabriele and Laio, Alessandro},
  journal={Physical Review E},
  volume={108},
  number={2},
  pages={024309},
  year={2023},
  publisher={APS},
  doi={10.1103/PhysRevE.108.024309}
}

@inproceedings{garg2022what,
  title={What Can Transformers Learn In-Context? A Case Study of Simple Function Classes},
  author={Garg, Shivam and Tsipras, Dimitris and Liang, Percy and Valiant, Gregory},
  booktitle={Advances in Neural Information Processing Systems},
  volume={35},
  pages={30573--30588},
  year={2022}
}

@inproceedings{vonoswald2023transformers,
  title={Transformers as message passing models},
  author={von Oswald, Johannes and modern, eyvind and bauer, stefan and ni, rui and biliu, melika and dadashi, reza and hessel, matteo and yang, jun and rao, diana and hezaveh, hekmat and henighan, tom and van hasselt, happie and schuurmans, dale},
  booktitle={International Conference on Machine Learning},
  pages={35048--35078},
  year={2023},
  organization={PMLR}
}

@inproceedings{chan2023transient,
  title={The transient nature of emergent in-context learning in transformers},
  author={Chan, Stephanie C.Y. and Lampinen, Andrew K. and Rahmati, N. and Livinghouse, J. and Dyer, E. and Hadsell, R. and Santoro, A.},
  booktitle={Advances in Neural Information Processing Systems},
  volume={36},
  year={2023}
}

@inproceedings{kornblith2019similarity,
  title={Similarity of neural network representations revisited},
  author={Kornblith, Simon and Norouzi, Mohammad and Lee, Honglak and Hinton, Geoffrey},
  booktitle={International conference on machine learning},
  pages={3519--3529},
  year={2019},
  organization={PMLR}
}

@inproceedings{zhai2023stabilizing,
  title={Stabilizing transformer training by preventing attention entropy collapse},
  author={Zhai, Shuangfei and Li, Yu and Chen, Zhuo and Liu, Zitong and Zhao, Glenn and Wang, Josh and Kumar, Anshul and Wu, Yixuan and Zhang, Kexin and Collier, I. Reid and others},
  booktitle={International Conference on Machine Learning},
  pages={41103--41117},
  year={2023},
  organization={PMLR}
}

@article{costa2022multiscale,
  title={Multiscale entropy analysis of brain signals},
  author={Costa, Madalena and Goldberger, Ary L and Peng, C-K},
  journal={Physical review E},
  volume={71},
  number={2},
  pages={021906},
  year={2005},
  publisher={APS}
}

@article{spehar2023perceptual,
  title={Perceptual and aesthetic judgments of natural and synthetic fractal patterns},
  author={Spehar, Branka and Walker, Olivia A},
  journal={Frontiers in Human Neuroscience},
  volume={17},
  pages={1171457},
  year={2023},
  publisher={Frontiers},
  doi={10.3389/fnhum.2023.1171457}
}